<?xml version="1.0" encoding="UTF-8"?><collection xmlns="http://www.loc.gov/MARC21/slim"><record><leader>00427nam--2200145-i-4500</leader><controlfield tag="001">000046996</controlfield><controlfield tag="002">20161230</controlfield><controlfield tag="005">20161230201046</controlfield><controlfield tag="008">060222s1000------------r-----000-0-eng-d</controlfield><datafield ind1=" " ind2=" " tag="080"><subfield code="a">621.039.51</subfield></datafield><datafield ind1=" " ind2=" " tag="100"><subfield code="a">Weaver, Lynn. E</subfield></datafield><datafield ind1=" " ind2=" " tag="245"><subfield code="a">System analysis of nuclear reactor dynamics</subfield></datafield><datafield ind1=" " ind2=" " tag="260"><subfield code="a">New York, Rowman And Littlefield, Inc., 1963, Ix+285p</subfield></datafield><datafield ind1=" " ind2=" " tag="490"><subfield code="a">Monograph Series On Nuclear Science And Technology</subfield></datafield><datafield ind1=" " ind2=" " tag="852"><subfield code="a">28530</subfield></datafield></record></collection>